@article{smith2020modeling,
  title={Modeling and Simulation of Complex Systems},
  author={Smith, John and Doe, Jane},
  journal={Journal of Computational Science},
  volume={15},
  pages={123-145},
  year={2020},
  publisher={Elsevier}
}

@book{johnson2018simulation,
  title={Simulation Modeling and Analysis},
  author={Johnson, Robert},
  year={2018},
  publisher={McGraw-Hill}
}

@inproceedings{lee2019machine,
  title={Machine Learning Approaches in Simulation},
  author={Lee, Alice and Kim, Bob},
  booktitle={Proceedings of the 2019 International Conference on Machine Learning},
  pages={99-108},
  year={2019},
  organization={ICML}
}

@techreport{miller2021evaluation,
  title={Evaluation of Simulation Techniques in Engineering},
  author={Miller, Sarah},
  year={2021},
  institution={National Institute of Standards and Technology},
  number={NISTIR 12345}
}

@misc{johnson_website,
  author = {Johnson, Emily},
  title = {Understanding Simulation},
  year = {2022},
  url = {https://www.example.com/simulation},
  note = {Accessed: 2024-06-10}
}
