@book{Garfinkel2017modeling,
  title     = {Modeling Life: The Mathematics of Biological Systems},
  author    = {Garfinkel, Alan and Shevtsov, Jane and Guo, Yina},
  year      = {2017},
  publisher = {Springer},
  isbn      = {9783319597300},
  language  = {English},
  note      = {460 pages, Hardcover, Published October 2, 2017},
}


