
% ====== Topic======
% ------ Introduction ---
% ------ Journal Club ---


% ====== Allee effect ======
% ------ Introduction ---
@article{Drake2011_allee,
  title={Allee effects},
  author={Drake, John M and Kramer, Andrew M},
  journal={Nature Education Knowledge},
  url = {https://www.nature.com/scitable/knowledge/library/allee-effects-19699394},
  volume={3},
  number={10},
  pages={2},
  year={2011}
}

@article{Kramer2017,
  title = {Editorial: Allee effects in ecology and evolution},
  volume = {87},
  ISSN = {1365-2656},
  url = {http://dx.doi.org/10.1111/1365-2656.12777},
  DOI = {10.1111/1365-2656.12777},
  number = {1},
  journal = {Journal of Animal Ecology},
  publisher = {Wiley},
  author = {Kramer,  Andrew M. and Berec,  Luděk and Drake,  John M.},
  year = {2017},
  month = dec,
  pages = {7–10}
}

 @misc{WikiAlleeEffect2025, rights={Creative Commons Attribution-ShareAlike License}, url={https://en.wikipedia.org/w/index.php?title=Allee_effect&oldid=1274257082}, 
title = {Allee effect},
abstractNote={The Allee effect is a phenomenon in biology characterized by a correlation between population size or density and the mean individual fitness (often measured as per capita population growth rate) of a population or species.}, note={Page Version ID: 1274257082}, journal={Wikipedia}, year={2025}, month=feb, language={en} }


% ------ Journal Club ---
@article{Mumby2024_allee,
  title = {Allee effects limit coral fertilization success},
  volume = {121},
  ISSN = {1091-6490},
  url = {http://dx.doi.org/10.1073/pnas.2418314121},
  DOI = {10.1073/pnas.2418314121},
  number = {52},
  journal = {Proceedings of the National Academy of Sciences},
  publisher = {Proceedings of the National Academy of Sciences},
  author = {Mumby,  Peter J. and Sartori,  Greta and Buccheri,  Elizabeth and Alessi,  Cinzia and Allan,  Hannah and Doropoulos,  Christopher and Rengiil,  Geraldine and Ricardo,  Gerard},
  year = {2024},
  month = dec 
}

@article{Fadai2020_allee,
  title = {Unpacking the Allee effect: determining individual-level mechanisms that drive global population dynamics},
  volume = {476},
  ISSN = {1471-2946},
  url = {http://dx.doi.org/10.1098/rspa.2020.0350},
  DOI = {10.1098/rspa.2020.0350},
  number = {2241},
  journal = {Proceedings of the Royal Society A: Mathematical,  Physical and Engineering Sciences},
  publisher = {The Royal Society},
  author = {Fadai,  Nabil T. and Johnston,  Stuart T. and Simpson,  Matthew J.},
  year = {2020},
  month = sep 
}

@article{Tobin2011_allee,
  title = {Exploiting Allee effects for managing biological invasions: Exploiting Allee effects},
  volume = {14},
  ISSN = {1461-023X},
  url = {http://dx.doi.org/10.1111/j.1461-0248.2011.01614.x},
  DOI = {10.1111/j.1461-0248.2011.01614.x},
  number = {6},
  journal = {Ecology Letters},
  publisher = {Wiley},
  author = {Tobin,  Patrick C. and Berec,  Luděk and Liebhold,  Andrew M.},
  year = {2011},
  month = mar,
  pages = {615–624}
}



% ====== Game Level Design ======
% ------ References ---
@article{Lpez2017_game_level,
  title = {Dynamics of the cell-mediated immune response to tumour growth},
  volume = {375},
  ISSN = {1471-2962},
  url = {http://dx.doi.org/10.1098/rsta.2016.0291},
  DOI = {10.1098/rsta.2016.0291},
  number = {2096},
  journal = {Philosophical Transactions of the Royal Society A: Mathematical,  Physical and Engineering Sciences},
  publisher = {The Royal Society},
  author = {López,  Álvaro G. and Seoane,  Jesús M. and Sanjuán,  Miguel A. F.},
  year = {2017},
  month = may,
  pages = {20160291}
}

--- Yournal Club
@inproceedings{Earle2022_game_level,
  series = {GECCO ’22},
  title = {Illuminating diverse neural cellular automata for level generation},
  url = {http://dx.doi.org/10.1145/3512290.3528754},
  DOI = {10.1145/3512290.3528754},
  booktitle = {Proceedings of the Genetic and Evolutionary Computation Conference},
  publisher = {ACM},
  author = {Earle,  Sam and Snider,  Justin and Fontaine,  Matthew C. and Nikolaidis,  Stefanos and Togelius,  Julian},
  year = {2022},
  month = jul,
  pages = {68–76},
  collection = {GECCO ’22}
}


@article{Pech2016_game_level,
  title = {Game level layout generation using evolved cellular automata},
  volume = {28},
  ISSN = {1360-0494},
  url = {http://dx.doi.org/10.1080/09540091.2015.1130020},
  DOI = {10.1080/09540091.2015.1130020},
  number = {1},
  journal = {Connection Science},
  publisher = {Informa UK Limited},
  author = {Pech,  Andrew and Masek,  Martin and Lam,  Chiou-Peng and Hingston,  Philip},
  year = {2016},
  month = jan,
  pages = {63–82}
}

@inproceedings{Johnson2010_game_level,
  series = {FDG ’10},
  title = {Cellular automata for real-time generation of infinite cave levels},
  url = {http://dx.doi.org/10.1145/1814256.1814266},
  DOI = {10.1145/1814256.1814266},
  booktitle = {Proceedings of the 2010 Workshop on Procedural Content Generation in Games},
  publisher = {ACM},
  author = {Johnson,  Lawrence and Yannakakis,  Georgios N. and Togelius,  Julian},
  year = {2010},
  month = jun,
  pages = {1–4},
  collection = {FDG ’10}
}

@inproceedings{Adams2017_game_level,
  title = {Procedural maze level generation with evolutionary cellular automata},
  url = {http://dx.doi.org/10.1109/SSCI.2017.8285213},
  DOI = {10.1109/ssci.2017.8285213},
  booktitle = {2017 IEEE Symposium Series on Computational Intelligence (SSCI)},
  publisher = {IEEE},
  author = {Adams,  Chad and Louis,  Sushil},
  year = {2017},
  month = nov,
  pages = {1–8}
}

% ====== Forest Fire ======
---- Original source
@article{ForestFire_Bak1990,
  title = {A forest-fire model and some thoughts on turbulence},
  volume = {147},
  ISSN = {0375-9601},
  url = {http://dx.doi.org/10.1016/0375-9601(90)90451-S},
  DOI = {10.1016/0375-9601(90)90451-s},
  number = {5–6},
  journal = {Physics Letters A},
  publisher = {Elsevier BV},
  author = {Bak,  Per and Chen,  Kan and Tang,  Chao},
  year = {1990},
  month = jul,
  pages = {297–300}
}

@article{ForestFire_Chen1990,
  title = {A deterministic critical forest fire model},
  volume = {149},
  ISSN = {0375-9601},
  url = {http://dx.doi.org/10.1016/0375-9601(90)90328-L},
  DOI = {10.1016/0375-9601(90)90328-l},
  number = {4},
  journal = {Physics Letters A},
  publisher = {Elsevier BV},
  author = {Chen,  Kan and Bak,  Per and Jensen,  Mogens H.},
  year = {1990},
  month = sep,
  pages = {207–210}
}

@article{ForestFire_Drossel1992,
  title = {Self-organized critical forest-fire model},
  volume = {69},
  ISSN = {0031-9007},
  url = {http://dx.doi.org/10.1103/PhysRevLett.69.1629},
  DOI = {10.1103/physrevlett.69.1629},
  number = {11},
  journal = {Physical Review Letters},
  publisher = {American Physical Society (APS)},
  author = {Drossel,  B. and Schwabl,  F.},
  year = {1992},
  month = sep,
  pages = {1629–1632}
}

-- Journal Club
@article{ForestFire_Rui2017,
  title = {Forest fire spread simulation algorithm based on cellular automata},
  volume = {91},
  ISSN = {1573-0840},
  url = {http://dx.doi.org/10.1007/s11069-017-3127-5},
  DOI = {10.1007/s11069-017-3127-5},
  number = {1},
  journal = {Natural Hazards},
  publisher = {Springer Science and Business Media LLC},
  author = {Rui,  Xiaoping and Hui,  Shan and Yu,  Xuetao and Zhang,  Guangyuan and Wu,  Bin},
  year = {2017},
  month = nov,
  pages = {309–319}
}

@article{ForestFire_Zhou2025,
  title = {Modeling the spread of forest fires through cellular automata by leveraging deep learning to derive transition rules},
  volume = {88},
  ISSN = {1574-9541},
  url = {http://dx.doi.org/10.1016/j.ecoinf.2025.103150},
  DOI = {10.1016/j.ecoinf.2025.103150},
  journal = {Ecological Informatics},
  publisher = {Elsevier BV},
  author = {Zhou,  Zucheng and Xu,  Quanli and Yi,  Junhua and Li,  Youyou and Zhang,  Shiying and Li,  Wenhui},
  year = {2025},
  month = sep,
  pages = {103150}
}

@article{ForestFire_Zheng2017,
  title = {Forest fire spread simulating model using cellular automaton with extreme learning machine},
  volume = {348},
  ISSN = {0304-3800},
  url = {http://dx.doi.org/10.1016/j.ecolmodel.2016.12.022},
  DOI = {10.1016/j.ecolmodel.2016.12.022},
  journal = {Ecological Modelling},
  publisher = {Elsevier BV},
  author = {Zheng,  Zhong and Huang,  Wei and Li,  Songnian and Zeng,  Yongnian},
  year = {2017},
  month = mar,
  pages = {33–43}
}

@article{ForestFire_Mutthulakshmi2020,
  title = {Simulating forest fire spread and fire-fighting using cellular automata},
  volume = {65},
  ISSN = {0577-9073},
  url = {http://dx.doi.org/10.1016/j.cjph.2020.04.001},
  DOI = {10.1016/j.cjph.2020.04.001},
  journal = {Chinese Journal of Physics},
  publisher = {Elsevier BV},
  author = {Mutthulakshmi,  K. and Wee,  Megan Rui En and Wong,  Yew Chong Kester and Lai,  Joel Weijia and Koh,  Jin Ming and Acharya,  U. Rajendra and Cheong,  Kang Hao},
  year = {2020},
  month = jun,
  pages = {642–650}
}

@article{ForestFire_Freire2019,
  title = {Using cellular automata to simulate wildfire propagation  and to assist in fire management},
  volume = {19},
  ISSN = {1684-9981},
  url = {http://dx.doi.org/10.5194/nhess-19-169-2019},
  DOI = {10.5194/nhess-19-169-2019},
  number = {1},
  journal = {Natural Hazards and Earth System Sciences},
  publisher = {Copernicus GmbH},
  author = {Freire,  Joana Gouveia and DaCamara,  Carlos Castro},
  year = {2019},
  month = jan,
  pages = {169–179}
}

@article{ForestFire_Alexandridis2008,
  title = {A cellular automata model for forest fire spread prediction: The case of the wildfire that swept through Spetses Island in 1990},
  volume = {204},
  ISSN = {0096-3003},
  url = {http://dx.doi.org/10.1016/j.amc.2008.06.046},
  DOI = {10.1016/j.amc.2008.06.046},
  number = {1},
  journal = {Applied Mathematics and Computation},
  publisher = {Elsevier BV},
  author = {Alexandridis,  A. and Vakalis,  D. and Siettos,  C.I. and Bafas,  G.V.},
  year = {2008},
  month = oct,
  pages = {191–201}
}


@article{ForestFire_Mutthulakshmi2020,
  title = {Simulating forest fire spread and fire-fighting using cellular automata},
  volume = {65},
  ISSN = {0577-9073},
  url = {http://dx.doi.org/10.1016/j.cjph.2020.04.001},
  DOI = {10.1016/j.cjph.2020.04.001},
  journal = {Chinese Journal of Physics},
  publisher = {Elsevier BV},
  author = {Mutthulakshmi,  K. and Wee,  Megan Rui En and Wong,  Yew Chong Kester and Lai,  Joel Weijia and Koh,  Jin Ming and Acharya,  U. Rajendra and Cheong,  Kang Hao},
  year = {2020},
  month = jun,
  pages = {642–650}
}